@INPROCEEDINGS{
    autoGen,
    author={M. {Althoff} and S. {Lutz}},
    booktitle={2018 IEEE Intelligent Vehicles Symposium (IV)},
    title={Automatic Generation of Safety-Critical Test Scenarios for Collision Avoidance of Road Vehicles},
    year={2018},
    volume={},
    number={},
    pages={1326-1333},
    keywords={collision avoidance;optimisation;reachability analysis;road safety;road vehicles;traffic engineering computing;autonomous vehicles;physical test drives;time consuming;computer simulations;traffic scenarios;driving situations;solution space;correct action;criticality;automatic generation;safety-critical test scenarios;collision avoidance;road vehicles;correct functionality;uncritical situations;Optimization;Testing;Trajectory;Space vehicles;Planning;Autonomous vehicles;Computational modeling},
    doi={10.1109/IVS.2018.8500374},
    ISSN={1931-0587},
    month={June},
    url={https://ieeexplore.ieee.org/document/8500374},
}
@ARTICLE{
    trackGen,
    author={D. {Loiacono} and L. {Cardamone} and P. L. {Lanzi}},
    journal={IEEE Transactions on Computational Intelligence and AI in Games},
    title={Automatic Track Generation for High-End Racing Games Using Evolutionary Computation},
    year={2011},
    volume={3},
    number={3},
    pages={245-259},
    keywords={computer games;entertainment;genetic algorithms;automatic track generation;high-end racing games;evolutionary computation;driving experience;driving speeds;genetic algorithm;Games;Encoding;Target tracking;Evolutionary computation;Humans;Genetic algorithms;Shape;Entropy;genetic algorithms;multiobjective evolution;procedural content generation;racing games;racing tracks;TORCS},
    doi={10.1109/TCIAIG.2011.2163692},
    ISSN={1943-068X},
    month={September},
    url={https://ieeexplore.ieee.org/document/5975206/},
}
@article{
    reconst,
    author={C. {Erbsmehl}},
    journal={21st International Technical Conference on the Enhanced Safety of Vehicles (ESV)},
    title="SIMULATION OF REAL CRASHES AS A METHOD FOR ESTIMATING THE POTENTIAL BENEFITS OF ADVANCED SAFETY TECHNOLOGIES",
    year={2015},
    month={August},
    url={https://trid.trb.org/view/1364576},
}
@misc{
    paracosm,
    author={Majumdar, Rupak and Mathur, Aman and Pirron, Marcus and Stegner, Laura and Zufferey, Damien},
    year={2019},
    month={February},
    pages={},
    title={Paracosm: A Language and Tool for Testing Autonomous Driving Systems},
    url={https://arxiv.org/pdf/1902.01084.pdf},
}
@INPROCEEDINGS{
    opendriveToCommonRoad,
    author={M. {Althoff} and S. {Urban} and M. {Koschi}},
    booktitle={2018 IEEE International Conference on Service Operations and Logistics, and Informatics (SOLI)},
    title={Automatic Conversion of Road Networks from OpenDRIVE to Lanelets},
    year={2018},
    volume={},
    number={},
    pages={157-162},
    keywords={image representation;road traffic;solid modelling;traffic engineering computing;virtual reality;publicly available maps;automatic conversion;road networks;detailed road maps;autonomous driving;semantic environment model;backup solution;virtual test drives;detailed maps;publicly available converter;OpenDRIVE format;map formats;building block;lanelets;labor-intensive;Roads;Autonomous vehicles;Merging;Informatics;Junctions;Semantics;Sensors},
    doi={10.1109/SOLI.2018.8476801},
    ISSN={},
    month={July},
    url={https://ieeexplore.ieee.org/document/8476801/},
}
@misc{
    beamNG,
    author={BeamNG GmbH},
    title={BeamNG},
    url={https://beamng.gmbh/research/},
}
@INPROCEEDINGS{
    commonRoad,
    author={M. {Althoff} and M. {Koschi} and S. {Manzinger}},
    booktitle={2017 IEEE Intelligent Vehicles Symposium (IV)},
    title={CommonRoad: Composable benchmarks for motion planning on roads},
    year={2017},
    volume={},
    number={},
    pages={719-726},
    keywords={collision avoidance;control engineering computing;road traffic;road vehicles;traffic engineering computing;vehicle dynamics;motion planning;composable benchmarks;road vehicles;vehicle dynamics;road network;static obstacles;scientific publications;CommonRoad Website;cost function;dangerous situations;traffic situations;Benchmark testing;Planning;Mathematical model;Cost function;Libraries;Vehicle dynamics;Roads},
    doi={10.1109/IVS.2017.7995802},
    ISSN={},
    month={June},
    url={https://ieeexplore.ieee.org/document/7995802/},
}
@misc{
    openDrive,
    author={VIRES Simulationstechnologie GmbH},
    title={OpenDRIVE},
    url={http://www.opendrive.org/index.html},
}
@misc{
    autoware,
    author={The Autoware Foundation},
    title={Autoware.AI},
    url={https://www.autoware.ai/},
}
@misc{
    apollo,
    author={Baidu},
    title={Apollo},
    url={http://apollo.auto/},
}
@ARTICLE{
    unifiedCloud,
    author={S. {Liu} and J. {Tang} and C. {Wang} and Q. {Wang} and J. {Gaudiot}},
    journal={Computer},
    title={A Unified Cloud Platform for Autonomous Driving},
    year={2017},
    volume={50},
    number={12},
    pages={42-49},
    keywords={automobiles;cloud computing;control engineering computing;energy efficiency;heterogeneous computing resources;OpenCL;distributed storage;Alluxio;distributed computing;Spark;unified cloud infrastructure;autonomous driving;unified cloud platform;Autonomous automobiles;Field programmable gate arrays;Distributed computing;Cloud computing;Computational modeling;autonomous vehicles;self-driving cars;distributed computing;distributed storage;heterogeneous computing;simulation testing;model training;map generation;Hadoop;MapReduce;Spark;Alluxio;OpenCL;YARN;Linux Containers;LXC;Hadoop Distributed File System;HDFS;Robot Operating System;ROS;resilient distributed dataset;RDD;BinPipeRDD;Parallel Distributed Deep Learning;Paddle;Baidu;convolution neural network;CNN;LiDAR},
    doi={10.1109/MC.2017.4451224},
    ISSN={0018-9162},
    month={December},
    url={https://ieeexplore.ieee.org/document/8220475/},
}
@misc{
    ontologyStanford,
    author={Tom Gruber},
    title={What is an Ontology?},
    url={http://www-ksl.stanford.edu/kst/what-is-an-ontology.html},
}
@misc{
    ontologyTom,
    author={Tom Gruber},
    title={Ontology},
    url={http://tomgruber.org/writing/ontology-definition-2007.htm},
}
@misc{
    tickrate,
    author={Upamanyu Acharya},
    title={What is Tickrate, and is it Really That Important?},
    year={2016},
    month={July},
    url={https://fynestuff.com/tickrate/},
}
@inproceedings{
    elasticity,
    author={Herbst, Nikolas and Kounev, Samuel and Reussner, Ralf},
    year={2013},
    month={June},
    pages={},
    booktitle={Elasticity in Cloud Computing: What it is, and What it is Not},
    title={Elasticity in Cloud Computing: What it is, and What it is Not},
    url={https://www.researchgate.net/publication/264942137_Elasticity_in_Cloud_Computing_What_it_is_and_What_it_is_Not},
}
@ARTICLE{
    autowareOpen,
    author={S. {Kato} and E. {Takeuchi} and Y. {Ishiguro} and Y. {Ninomiya} and K. {Takeda} and T. {Hamada}},
    journal={IEEE Micro},
    title={An Open Approach to Autonomous Vehicles},
    year={2015},
    volume={35},
    number={6},
    pages={60-68},
    keywords={automobiles;automotive engineering;object recognition;path planning;sensors;software libraries;traffic engineering computing;autonomous vehicles;automotive technology;commodity vehicles;sensors;software libraries;datasets;scene recognition;path planning;vehicle control;Autonomous vehicles;Three-dimensional displays;Sensors;Mobile robots;Laser radar;Cameras;Hardware configuration;autonomous vehicles;software platforms;hardware configuration},
    doi={10.1109/MM.2015.133},
    ISSN={0272-1732},
    month={November},
    url={https://ieeexplore.ieee.org/document/7368032},
}
@inproceedings{
    autowareOnBoard,
    author={Kato, Shinpei and Tokunaga, Shota and Maruyama, Yuya and Maeda, Seiya and Hirabayashi, Manato and Kitsukawa, Yuki and Monrroy, Abraham and Ando, Tomohito and Fujii, Yusuke and Azumi, Takuya},
    title={Autoware on Board: Enabling Autonomous Vehicles with Embedded Systems},
    booktitle={Proceedings of the 9th ACM/IEEE International Conference on Cyber-Physical Systems},
    series={ICCPS '18},
    year={2018},
    isbn={978-1-5386-5301-2},
    location={Porto, Portugal},
    pages={287--296},
    numpages={10},
    url={https://doi.org/10.1109/ICCPS.2018.00035},
    doi={10.1109/ICCPS.2018.00035},
    acmid={3207930},
    publisher={IEEE Press},
    address={Piscataway, NJ, USA},
}
@misc{
    rosbag,
    author={Tim Field and Jeremy Leibs and James Bowman},
    title={rosbag - ROS wiki},
    url={http://wiki.ros.org/rosbag},
}
@INPROCEEDINGS{
    vmInCC,
    author={R. {Rauscher} and R. {Acharya}},
    booktitle={2014 IEEE 7th International Conference on Cloud Computing},
    title={Virtual Machine Placement in Predictable Computing Clouds},
    year={2014},
    volume={},
    number={},
    pages={975-976},
    keywords={cloud computing;resource allocation;virtual machines;virtual machine placement;predictable computing clouds;cloud computing;preemptive virtual machine migration;computational resource utilization;user experience;Virtual machining;Cloud computing;Servers;Prediction algorithms;Random access memory;Resource management;Databases;cloud computing;health care information systems;electronic health records;private cloud},
    doi={10.1109/CLOUD.2014.148},
    ISSN={2159-6190},
    month={June},
    url={https://ieeexplore.ieee.org/document/6973854},
}
@misc{
    spark,
    author={Apache Software Foundation},
    title={Apache Spark - A Unified Analytics Engine for Big Data},
    url={https://spark.apache.org/},
}
@misc{
    alluxio,
    author={Alluxio Open Foundation},
    title={Alluxio - Open Source Memory Speed Virtual Distributed Storage},
    url={http://www.alluxio.org/},
}
@misc{
    openCL,
    author={Khronos Group Inc},
    title={OpenCL Overview - The Khronos Group Inc},
    url={https://www.khronos.org/opencl/},
}
@misc{
    hadoop,
    author={Apache Software Foundation},
    title={Apache Hadoop},
    url={https://hadoop.apache.org/},
}
@misc{
    cloudI,
    author={Michael Truog},
    title={CloudI: A Cloud at the lowest level},
    url={https://cloudi.org/},
}
@misc{
    microServices,
    author={Chris Richardson},
    title={What are microservices?},
    url={https://microservices.io/},
}
@misc{
    flask,
    author={Armin Ronacher},
    title={Flask (A Python Microframework)},
    url={http://flask.pocoo.org/},
}
@book{
    kleeneLogics,
    author={Stephen Cole Kleene},
    title={Introduction to Metamathematics},
    publisher={Princeton : D. Van Nostrand},
    year={1950},
}
@misc{
    openScenario,
    author={VIRES Simulationstechnologie GmbH},
    title={OpenSCENARIO},
    url={http://www.openscenario.org/},
}
@article{
    millions,
    author={Kalra, Nidhi and Paddock, Susan},
    year={2016},
    month={December},
    pages={182-193},
    title={Driving to safety: How many miles of driving would it take to demonstrate autonomous vehicle reliability?},
    volume={94},
    journal={Transportation Research Part A: Policy and Practice},
    doi={10.1016/j.tra.2016.09.010},
    url={https://www.researchgate.net/publication/308538761_Driving_to_safety_How_many_miles_of_driving_would_it_take_to_demonstrate_autonomous_vehicle_reliability},
}
@misc{
    waymoMillions,
    author={John Krafcik},
    year={2018},
    month={October},
    title={Where the next 10 million miles will take us},
    url={https://medium.com/waymo/where-the-next-10-million-miles-will-take-us-de51bebb67d3},
}
@misc{
    noStandard,
    author={Charles Murray},
    year={2018},
    month={July},
    publisher={DesignNews},
    title={Autonomous Cars Will Require Years of Test},
    url={https://www.designnews.com/electronics-test/autonomous-cars-will-require-years-test/188554729159097},
}
@article{
    thrift,
    author={Slee, Mark and Agarwal, Aditya and Kwiatkowski, Marc},
    year={2007},
    month={April},
    title={Thrift: Scalable cross-language services implementation},
}
@InProceedings{
    slurm,
    author="Yoo, Andy B. and Jette, Morris A. and Grondona, Mark",
    editor="Feitelson, Dror and Rudolph, Larry and Schwiegelshohn, Uwe",
    title="SLURM: Simple Linux Utility for Resource Management",
    booktitle="Job Scheduling Strategies for Parallel Processing",
    year="2003",
    publisher="Springer Berlin Heidelberg",
    address="Berlin, Heidelberg",
    pages="44--60",
    isbn="978-3-540-39727-4",
}
@InProceedings{
    modelBasedDescription,
    author={J. {Bach} and S. {Otten} and E. {Sax}},
    booktitle={2016 IEEE Intelligent Vehicles Symposium (IV)},
    title={Model based scenario specification for development and test of automated driving functions},
    year={2016},
    pages={1149-1155},
    keywords={driver information systems;formal specification;intelligent transportation systems;model based scenario specification;automated driving functions;abstract temporal description;abstract positional description;sequential acts;graphical visualization;rule sets;consistency checks;semiautomated test case generation;model based test specification;requirements design;Unified modeling language;Vehicles;Motion pictures;Roads;Testing;Software;Context},
    doi={10.1109/IVS.2016.7535534},
    month={June},
    url={https://ieeexplore.ieee.org/document/7535534},
}
@misc{
    opends,
    author={German Research Center for Artificial Intelligence},
    title={OpenDS},
    url={https://opends.dfki.de/},
}
@misc{
    jBullet,
    author={Advel},
    title={JBullet - Java Port of Bullet Physics Library},
    url={http://jbullet.advel.cz/},
}
@misc{
    jmonkey,
    author={jMonkeyEngine Team},
    title={jMonkeyEngine},
    url={http://jmonkeyengine.org/},
}
@misc{
    protobuf,
    author={Google},
    title={Protocol Buffers | Google Developers},
    url={https://developers.google.com/protocol-buffers/},
}
@misc{
    beamngpy,
    author={Marc Müller},
    title={Github - BeamNG/BeamNGpy},
    url={https://github.com/BeamNG/BeamNGpy},
}

