@misc{
    waymoDrivenMiles,
    url={https://thelastdriverlicenseholder.files.wordpress.com/2018/11/waymo_10_million_miles.png?w=1140},
    urldate={2019-11-10},
}
@misc{
    waymoCrash,
    url={https://i.kinja-img.com/gawker-media/image/upload/s--o04XLtGl--/c_fill,fl_progressive,g_center,h_900,q_80,w_1600/lsaqi1oct4aguj5dd7jm.png},
    urldate={2019-11-10},
}
@misc{
    avInvestments,
    url={https://www.aeye.ai/wp-content/uploads/2019/06/Autonomous-Vehicle-Investments-Are-Poised-to-Set-a-New-Record-in-2019.png},
    urldate={2019-11-10},
}
@misc{
    avCompanies,
    url={https://s3.amazonaws.com/cbi-research-portal-uploads/2017/06/07221804/corps-in-autonomous-header.png},
    urldate={2019-11-10},
}
@misc{
    systemFailure,
    url={https://2.bp.blogspot.com/-GOeB3jwNrII/WTU6bstp-DI/AAAAAAABQzQ/d4FButF-7YcwswbNbFoARckVl1R_Pv3vACLcB/s1600/system-failure.jpg},
    urldate={2019-11-10},
}
@misc{
    simulation,
    url={https://cdn.vox-cdn.com/thumbor/kCdl0QIIM11m5wTqjQy4wplYrU0=/800x0/filters:no_upscale()/cdn.vox-cdn.com/uploads/chorus_asset/file/9194311/unnamed__1_.jpg},
    urldate={2019-11-10},
}
@misc{
    tedious,
    url={http://cdn1.fiverrcdn.com/photos/1469216/v2_680/url.jpg?1369210040},
    urldate={2019-11-10},
}
@misc{
    plus,
    url={https://cdn.pixabay.com/photo/2017/01/10/23/01/icon-1970474_960_720.png},
    urldate={2019-11-10},
}
@misc{
    etk800,
    url={http://media-cdn.beamng.com/8X1IZnX5ubEmhA3p},
    urldate={2019-11-11},
}
@misc{
    roadNetwork,
    url={http://2.bp.blogspot.com/_OPdnnH8MxiM/S-wiDO7DSCI/AAAAAAAAAZw/wi-ZwqB5zok/s1600/Crazy_Road_Network.jpg},
    urldate={2019-11-11},
}
@misc{
    obstacles,
    url={https://thefourthrevolution.org/wordpress/wp-content/uploads/2012/03/obstacle-on-your-road.jpg},
    urldate={2019-11-11},
}
@misc{
    crash,
    url={https://i.ytimg.com/vi/fXR5PH4Xu1E/maxresdefault.jpg},
    urldate={2019-11-11},
}
@misc{
    pathPlanning,
    url={http://wavelab.uwaterloo.ca/wp-content/uploads/2016/08/nlp.jpg},
    urldate={2019-11-11},
}
@misc{
    offroad,
    url={https://i.ytimg.com/vi/xlAh7CIaMzA/maxresdefault.jpg},
    urldate={2019-11-11},
}
@misc{
    finishLine,
    url={http://cimg1.ibsrv.net/cimg/www.carsdirect.com/680x382_85/349/Finish-Line-Wide--1349.jpg},
    urldate={2019-11-11},
}
@misc{
    ai,
    url={https://cdn.onlinewebfonts.com/svg/img_535483.png},
    urldate={2019-11-11},
}
@misc{
    position,
    url={http://cdn01.androidauthority.net/wp-content/uploads/2015/07/location_marker_gps_shutterstock.jpg},
    urldate={2019-11-12},
}
@misc{
    angle,
    url={https://www.homeschoolmath.net/teaching/g/measure_angles/measure-angle7.gif},
    urldate={2019-11-12},
}
@misc{
    speed,
    url={https://clipground.com/images/tacho-clipart-13.jpg},
    urldate={2019-11-12},
}
@misc{
    damage,
    url={https://www.ifwemadeit.com/wp-content/uploads/2018/12/beamng-drive-350x350bb.jpg},
    urldate={2019-11-12},
}
@misc{
    roadEdges,
    url={https://media.springernature.com/lw785/springer-static/image/art%3A10.1007%2Fs12544-018-0284-x/MediaObjects/12544_2018_284_Fig1_HTML.gif},
    urldate={2019-11-12},
}
@misc{
    seminar,
    url={https://clipground.com/images/seminar-clipart-7.jpg},
    urldate={2019-11-12},
}
@misc{
    fight,
    url={https://pictogram-free.com/material/244-pictogram-free.jpg},
    urldate={2019-11-12},
}
@misc{
    testGenerator,
    url={http://www.clker.com/cliparts/D/6/P/c/j/S/gears-hi.png},
    urldate={2019-11-12},
}
@misc{
    difficult,
    url={https://www.appzaps.co.uk/relaxing-your-mind/wp-content/uploads/edd/2013/04/after-a-difficult-day.jpg},
    urldate={2019-11-20},
}
@misc{
    interface,
    url={https://assets.rocketstock.com/uploads/2017/06/Interface-Hero.jpg},
    urldate={2019-11-20},
}
@misc{
    trustInAVs,
    url={https://www.statista.com/chart/13450/perceived-safety-of-self-driving-cars/},
    urldate={2019-11-25},
}
@misc{
    saveTheWorld,
    url={https://copyforchange.files.wordpress.com/2015/04/save-the-world-2.jpg},
    urldate={2019-11-25},
}
@misc{
    fatalCarCrashes,
    url={https://www.statista.com/statistics/191530/fatal-passenger-car-crashes-in-the-us/},
    urldate={2019-11-25},
}
@misc{
    avCrashes,
    url={https://www.dmv.ca.gov/portal/dmv/detail/vr/autonomous/autonomousveh_ol316+},
    urldate={2019-11-25},
}
@misc{
    lotsOfCars,
    url={http://sitevolt.com/ontariocarsblog/wp-content/uploads/sites/145/2018/12/self-parking-vehicles-i-3-1000x675.jpg},
    urldate={2019-11-25},
}
@misc{
    testing,
    url={https://officechai.com/wp-content/uploads/2017/11/testing.jpg},
    urldate={2019-11-25},
}
@misc{
    tonsOfMoney,
    url={https://www.dailydot.com/wp-content/uploads/016/84/2ef78b50bedc31ec-2048x1024.jpg},
    urldate={2019-11-25},
}
@misc{
    timeConsuming,
    url={http://dontlettheforexdriveyouupthewall.com/wp-content/uploads/2015/01/clocks.jpg},
    urldate={2019-11-25},
}
@misc{
    iDontKnow,
    url={https://www.letstalkcoaching.com/wp-content/uploads/How-good-are-you-at-I-dont-know.jpg},
    urldate={2019-11-25},
}
@misc{
    lotsOfPaper,
    url={https://abovethelaw.com/wp-content/uploads/2011/06/Lots-of-Papers.jpg},
    urldate={2019-11-25},
}
@misc{
    distribution,
    url={https://www.froglogic.com/wp-content/uploads/2016/05/Distributed-770x770.png},
    urldate={2019-11-26},
}
@misc{
    circular,
    url={http://cdn.onlinewebfonts.com/svg/img_71102.png},
    urldate={2019-11-26},
}
@misc{
    microservice,
    url={http://comunytek.com/wp-content/uploads/2017/03/Microservices.png},
    urldate={2019-11-26},
}
@misc{
    chess,
    url={https://www.telegraph.co.uk/content/dam/news/2016/04/10/chess-xlarge_trans_NvBQzQNjv4BqgsaO8O78rhmZrDxTlQBjdLdu0TL-Cg_AMOUqySXmFgU.jpg},
    urldate={2019-11-26},
}
@misc{
    xml,
    url={https://upload.wikimedia.org/wikipedia/commons/thumb/e/e6/Text-xml.svg/1116px-Text-xml.svg.png},
    urldate={2019-11-26},
}
@misc{
    schema,
    url={https://things.eu-1.bosch-iot-suite.com/dokuwiki/lib/exe/fetch.php?cache=&media=3_basic_concepts:topo-schema-icon.png},
    urldate={2019-11-26},
}
@misc{
    training,
    url={http://worldartsme.com/images/clip-art-no-workout-today-clipart-1.jpg},
    urldate={2019-11-26},
}
@misc{
    crashTest,
    url={https://icdn-3.motor1.com/images/mgl/KVEmG/s1/nissan-tsuru-crash-test.jpg},
    urldate={2019-11-26},
}
@misc{
    analyze,
    url={http://www.digitaldataservices.com/images/analyze.png},
    urldate={2019-11-26},
}
@misc{
    road,
    url={https://clipground.com/images/curving-clipart-12.jpg},
    urldate={2019-11-26},
}
@misc{
    knowledge,
    url={https://www.seoclerk.com/pics/562891-1aRurq1507581612.png},
    urldate={2019-11-26},
}
@misc{
    equals,
    url={http://pngimg.com/uploads/equals/equals_PNG46.png},
    urldate={2019-11-26},
}
@misc{
    checkmark,
    url={https://png.icons8.com/win8/1600/107C10/checkmark},
    urldate={2019-11-26},
}
@misc{
    thunderbolt,
    url={http://www.clker.com/cliparts/L/j/U/f/3/O/thunder-bolt-plain-hi.png},
    urldate={2019-11-26},
}
@misc{
    byteStream,
    url={http://i.stack.imgur.com/6Ssd1.png},
    urldate={2019-11-27},
}
@misc{
    visualFeedback,
    url={http://media-cdn.beamng.com/dXOTx2tC8AWW5bsn/screenshot_2018-12-14_12-21-57.jpg},
    urldate={2019-11-27},
}
@misc{
    research,
    url={https://www.paramedics.org/wp-content/uploads/2017/01/research.jpg},
    urldate={2019-11-27},
}
@misc{
    debugger,
    url={https://png.pngtree.com/svg/20160606/9f4dd6559e.png},
    urldate={2019-11-27},
}

