@INPROCEEDINGS{
    autoGen,
    author={M. {Althoff} and S. {Lutz}},
    booktitle={2018 IEEE Intelligent Vehicles Symposium (IV)},
    title={Automatic Generation of Safety-Critical Test Scenarios for Collision Avoidance of Road Vehicles},
    year={2018},
    volume={},
    number={},
    pages={1326-1333},
    keywords={collision avoidance;optimisation;reachability analysis;road safety;road vehicles;traffic engineering computing;autonomous vehicles;physical test drives;time consuming;computer simulations;traffic scenarios;driving situations;solution space;correct action;criticality;automatic generation;safety-critical test scenarios;collision avoidance;road vehicles;correct functionality;uncritical situations;Optimization;Testing;Trajectory;Space vehicles;Planning;Autonomous vehicles;Computational modeling},
    doi={10.1109/IVS.2018.8500374},
    ISSN={1931-0587},
    month={6},
    url={https://ieeexplore.ieee.org/document/8500374},
    urldate={2019-08-09},
}
@misc{
    paracosm,
    author={Majumdar, Rupak and Mathur, Aman and Pirron, Marcus and Stegner, Laura and Zufferey, Damien},
    year={2019},
    month={2},
    pages={},
    title={Paracosm: A Language and Tool for Testing Autonomous Driving Systems},
    url={https://arxiv.org/pdf/1902.01084.pdf},
    urldate={2019-08-09},
}
@INPROCEEDINGS{
    opendriveToCommonRoad,
    author={M. {Althoff} and S. {Urban} and M. {Koschi}},
    booktitle={2018 IEEE International Conference on Service Operations and Logistics, and Informatics (SOLI)},
    title={Automatic Conversion of Road Networks from OpenDRIVE to Lanelets},
    year={2018},
    volume={},
    number={},
    pages={157-162},
    keywords={image representation;road traffic;solid modelling;traffic engineering computing;virtual reality;publicly available maps;automatic conversion;road networks;detailed road maps;autonomous driving;semantic environment model;backup solution;virtual test drives;detailed maps;publicly available converter;OpenDRIVE format;map formats;building block;lanelets;labor-intensive;Roads;Autonomous vehicles;Merging;Informatics;Junctions;Semantics;Sensors},
    doi={10.1109/SOLI.2018.8476801},
    ISSN={},
    month={7},
    url={https://ieeexplore.ieee.org/document/8476801/},
    urldate={2019-08-09},
}
@misc{
    beamNG,
    author={BeamNG GmbH},
    title={BeamNG},
    url={https://beamng.gmbh/research/},
    urldate={2019-08-09},
}
@INPROCEEDINGS{
    commonRoad,
    author={M. {Althoff} and M. {Koschi} and S. {Manzinger}},
    booktitle={2017 IEEE Intelligent Vehicles Symposium (IV)},
    title={CommonRoad: Composable benchmarks for motion planning on roads},
    year={2017},
    volume={},
    number={},
    pages={719-726},
    keywords={collision avoidance;control engineering computing;road traffic;road vehicles;traffic engineering computing;vehicle dynamics;motion planning;composable benchmarks;road vehicles;vehicle dynamics;road network;static obstacles;scientific publications;CommonRoad Website;cost function;dangerous situations;traffic situations;Benchmark testing;Planning;Mathematical model;Cost function;Libraries;Vehicle dynamics;Roads},
    doi={10.1109/IVS.2017.7995802},
    ISSN={},
    month={6},
    url={https://ieeexplore.ieee.org/document/7995802/},
    urldate={2019-08-09},
}
@misc{
    openDrive,
    author={VIRES Simulationstechnologie GmbH},
    title={OpenDRIVE},
    url={http://www.opendrive.org/index.html},
    urldate={2019-08-09},
}
@misc{
    autoware,
    author={The Autoware Foundation},
    title={Autoware.AI},
    url={https://www.autoware.ai/},
    urldate={2019-08-09},
}
@misc{
    apollo,
    author={Baidu},
    title={Apollo},
    url={http://apollo.auto/},
    urldate={2019-08-09},
}
@misc{
    ontologyStanford,
    author={Tom Gruber},
    title={What is an Ontology?},
    url={http://www-ksl.stanford.edu/kst/what-is-an-ontology.html},
    urldate={2019-08-09},
}
@misc{
    ontologyTom,
    author={Tom Gruber},
    title={Ontology},
    url={http://tomgruber.org/writing/ontology-definition-2007.htm},
    urldate={2019-08-09},
}
@misc{
    tickrate,
    author={Upamanyu Acharya},
    title={What is Tickrate, and is it Really That Important?},
    year={2016},
    month={7},
    url={https://fynestuff.com/tickrate/},
    urldate={2019-08-09},
}
@ARTICLE{
    autowareOpen,
    author={S. {Kato} and E. {Takeuchi} and Y. {Ishiguro} and Y. {Ninomiya} and K. {Takeda} and T. {Hamada}},
    journal={IEEE Micro},
    title={An Open Approach to Autonomous Vehicles},
    year={2015},
    volume={35},
    number={6},
    pages={60-68},
    keywords={automobiles;automotive engineering;object recognition;path planning;sensors;software libraries;traffic engineering computing;autonomous vehicles;automotive technology;commodity vehicles;sensors;software libraries;datasets;scene recognition;path planning;vehicle control;Autonomous vehicles;Three-dimensional displays;Sensors;Mobile robots;Laser radar;Cameras;Hardware configuration;autonomous vehicles;software platforms;hardware configuration},
    doi={10.1109/MM.2015.133},
    ISSN={0272-1732},
    month={11},
    url={https://ieeexplore.ieee.org/document/7368032},
    urldate={2019-08-09},
}
@inproceedings{
    autowareOnBoard,
    author={Kato, Shinpei and Tokunaga, Shota and Maruyama, Yuya and Maeda, Seiya and Hirabayashi, Manato and Kitsukawa, Yuki and Monrroy, Abraham and Ando, Tomohito and Fujii, Yusuke and Azumi, Takuya},
    title={Autoware on Board: Enabling Autonomous Vehicles with Embedded Systems},
    booktitle={Proceedings of the 9th ACM/IEEE International Conference on Cyber-Physical Systems},
    series={ICCPS '18},
    year={2018},
    isbn={978-1-5386-5301-2},
    location={Porto, Portugal},
    pages={287--296},
    numpages={10},
    url={https://doi.org/10.1109/ICCPS.2018.00035},
    doi={10.1109/ICCPS.2018.00035},
    acmid={3207930},
    publisher={IEEE Press},
    address={Piscataway, NJ, USA},
    urldate={2019-08-09},
}
@misc{
    rosbag,
    author={Tim Field and Jeremy Leibs and James Bowman},
    title={rosbag - ROS wiki},
    url={http://wiki.ros.org/rosbag},
    urldate={2019-08-09},
}
@misc{
    microServices,
    author={Chris Richardson},
    title={What are microservices?},
    url={https://microservices.io/},
    urldate={2019-08-09},
}
@misc{
    flask,
    author={Armin Ronacher},
    title={Flask (A Python Microframework)},
    url={http://flask.pocoo.org/},
    urldate={2019-08-09},
}
@book{
    kleeneLogics,
    author={Stephen Cole Kleene},
    title={Introduction to Metamathematics},
    publisher={Wolters-Noordhoff}, % FIXME publisher "u.a."?
    year={1974},
    isbn={0-7204-2103-9},
    % isbn={0-444-10088-1}, % FIXME Multiple ISBN?!
}
@misc{
    openScenario,
    author={VIRES Simulationstechnologie GmbH},
    title={OpenSCENARIO},
    url={http://www.openscenario.org/},
    urldate={2019-08-09},
}
@article{
    millions,
    author={Kalra, Nidhi and Paddock, Susan},
    year={2016},
    month={12},
    pages={182-193},
    title={Driving to safety: How many miles of driving would it take to demonstrate autonomous vehicle reliability?},
    volume={94},
    journal={Transportation Research Part A: Policy and Practice},
    doi={10.1016/j.tra.2016.09.010},
    url={https://www.researchgate.net/publication/308538761_Driving_to_safety_How_many_miles_of_driving_would_it_take_to_demonstrate_autonomous_vehicle_reliability},
    urldate={2019-08-09},
}
@misc{
    waymoMillions,
    author={John Krafcik},
    year={2018},
    month={10},
    title={Where the next 10 million miles will take us},
    url={https://medium.com/waymo/where-the-next-10-million-miles-will-take-us-de51bebb67d3},
    urldate={2019-08-09},
}
@misc{
    noStandard,
    author={Charles Murray},
    year={2018},
    month={7},
    publisher={DesignNews},
    title={Autonomous Cars Will Require Years of Test},
    url={https://www.designnews.com/electronics-test/autonomous-cars-will-require-years-test/188554729159097},
    urldate={2019-08-09},
}
@InProceedings{
    slurm,
    author="Yoo, Andy B. and Jette, Morris A. and Grondona, Mark",
    editor="Feitelson, Dror and Rudolph, Larry and Schwiegelshohn, Uwe",
    title="SLURM: Simple Linux Utility for Resource Management",
    booktitle="Job Scheduling Strategies for Parallel Processing",
    year="2003",
    publisher="Springer Berlin Heidelberg",
    address="Berlin, Heidelberg",
    pages="44--60",
    isbn="978-3-540-39727-4",
    url={https://www.springer.com/de/book/9783540204053},
    urldate={2019-11-07},
}
@InProceedings{
    modelBasedDescription,
    author={J. {Bach} and S. {Otten} and E. {Sax}},
    booktitle={2016 IEEE Intelligent Vehicles Symposium (IV)},
    title={Model based scenario specification for development and test of automated driving functions},
    year={2016},
    pages={1149-1155},
    keywords={driver information systems;formal specification;intelligent transportation systems;model based scenario specification;automated driving functions;abstract temporal description;abstract positional description;sequential acts;graphical visualization;rule sets;consistency checks;semiautomated test case generation;model based test specification;requirements design;Unified modeling language;Vehicles;Motion pictures;Roads;Testing;Software;Context},
    doi={10.1109/IVS.2016.7535534},
    month={6},
    url={https://ieeexplore.ieee.org/document/7535534},
    urldate={2019-08-09},
}
@misc{
    opends,
    author={German Research Center for Artificial Intelligence},
    title={OpenDS},
    url={https://opends.dfki.de/},
    urldate={2019-08-09},
}
@misc{
    jBullet,
    author={Advel},
    title={JBullet - Java Port of Bullet Physics Library},
    url={http://jbullet.advel.cz/},
    urldate={2019-08-09},
}
@misc{
    jmonkey,
    author={jMonkeyEngine Team},
    title={jMonkeyEngine},
    url={http://jmonkeyengine.org/},
    urldate={2019-08-09},
}
@misc{
    protobuf,
    author={Google},
    title={Protocol Buffers | Google Developers},
    url={https://developers.google.com/protocol-buffers/},
    urldate={2019-08-09},
}
@misc{
    beamngpy,
    author={Marc Müller},
    title={Github - BeamNG/BeamNGpy},
    url={https://github.com/BeamNG/BeamNGpy},
    urldate={2019-08-09},
}
@misc{
    uberMillions,
    author={Daisuke Wakabayashi},
    title={Uber’s Self-Driving Cars Were Struggling Before Arizona Crash - The New York Times},
    url={https://www.nytimes.com/2018/03/23/technology/uber-self-driving-cars-arizona.html},
    urldate={2019-08-09},
}
@misc{
    cruiseMillions,
    author={Chris Neiger},
    title={This Is the Company With the Most Autonomous Miles Driven in 2018},
    url={https://www.fool.com/investing/2018/12/08/this-is-the-company-with-the-most-autonomous-miles.aspx},
    urldate={2019-08-09},
}
@inbook{
    logicalTime,
    author={Nancy A. Lynch},
    title={Distributed Algorithms},
    chapter={Logical Time},
    publisher={Morgan Kaufmann},
    year={1996},
    month={4},
    isbn={9781558603486},
    url={https://www.oreilly.com/library/view/distributed-algorithms/9781558603486/},
    urldate={2019-08-09},
}
@misc{
    openCrg,
    author={VIRES Simulationstechnologie GmbH},
    title={OpenCRG},
    url={http://opencrg.org/},
    urldate={2019-08-10},
}
@misc{
    lwjgl,
    author={LWJGL},
    title={LWJGL - Lightweight Java Game Library},
    url={https://www.lwjgl.org/},
    urldate={2019-08-10},
}
@INPROCEEDINGS{
    simulA2,
    author={A. {Vernaza} and A. {Ledezma} and A. {Sanchis}},
    booktitle={17th International Conference on Information Fusion (FUSION)},
    title={Simul-A2: Agent-based simulator for evaluate ADA systems},
    year={2014},
    volume={},
    number={},
    pages={1-7},
    keywords={digital simulation;driver information systems;multi-agent systems;virtual reality;Simul-A2;agent-based simulator;ADA system evaluation;multiagent architecture;advanced driver assistance systems;ADAS;Webots;ROS project;user actions;Vehicles;Computer architecture;Artificial neural networks;Sensors;Roads;Autonomous agents;Buildings;ADAS;MAS;ROS;Webots;OpenCV;SPADES;ANN;3T Architecture;Simulator},
    doi={},
    ISSN={},
    month={7},
    url={https://ieeexplore.ieee.org/document/6916186},
    urldate={2019-08-10},
}
@inproceedings{
    rosProject,
    author={Quigley, Morgan and Conley, Ken and P Gerkey, Brian and Faust, Josh and Foote, Tully and Leibs, Jeremy and Wheeler, Rob and Y Ng, Andrew},
    year={2009},
    month={1},
    pages={},
    title={ROS: an open-source Robot Operating System},
    volume={3},
    journal={ICRA Workshop on Open Source Software},
    url={https://www.researchgate.net/publication/233881999_ROS_an_open-source_Robot_Operating_System/citation/download},
    urldate={2019-08-10},
}
@article{
    webots,
    author={Michel, Olivier},
    year={2004},
    month={03},
    pages={},
    title={WebotsTM: Professional Mobile Robot Simulation},
    volume={1},
    journal={International Journal of Advanced Robotic Systems},
    doi={10.5772/5618},
    url={https://www.researchgate.net/publication/221702459_WebotsTM_Professional_Mobile_Robot_Simulation/citation/download},
    urldate={2019-08-10},
}
@inproceedings{
    scenic,
    author={Fremont, Daniel J. and Dreossi, Tommaso and Ghosh, Shromona and Yue, Xiangyu and Sangiovanni-Vincentelli, Alberto L. and Seshia, Sanjit A.},
    title={Scenic: A Language for Scenario Specification and Scene Generation},
    booktitle={Proceedings of the 40th ACM SIGPLAN Conference on Programming Language Design and Implementation},
    series={PLDI 2019},
    year={2019},
    isbn={978-1-4503-6712-7},
    location={Phoenix, AZ, USA},
    pages={63--78},
    numpages={16},
    url={https://math.berkeley.edu/~dfremont/papers/PLDI19.pdf},
    doi={10.1145/3314221.3314633},
    acmid={3314633},
    publisher={ACM},
    address={New York, NY, USA},
    keywords={automatic test generation, deep learning, fuzz testing, probabilistic programming, scenario description language, synthetic data},
    urldate={2019-08-10},
}
@INPROCEEDINGS{
    sml,
    author={K. {Gajananan} and A. {Nakasone} and H. {Prendinger} and M. {Miska}},
    booktitle={2011 IEEE Symposium on Visual Languages and Human-Centric Computing (VL/HCC)},
    title={Scenario Markup Language for authoring behavioral driver studies in 3D virtual worlds},
    year={2011},
    volume={},
    number={},
    pages={43-46},
    keywords={authoring systems;specification languages;traffic information systems;virtual reality;Scenario Markup Language;authoring;realistic traffic situation;scripting;behavioral driver;multiuser online 3D virtual world;scenario programming;Vehicles;Accidents;Unified modeling language;Visualization;Humans;Markup languages;Semantics;Scenario Programming;Markup Language;End User Programming},
    doi={10.1109/VLHCC.2011.6070376},
    ISSN={1943-6106},
    month={9},
    url={https://ieeexplore.ieee.org/document/6070376},
    urldate={2019-08-11},
}
@INPROCEEDINGS{
    lanelets,
    author={P. {Bender} and J. {Ziegler} and C. {Stiller}},
    booktitle={2014 IEEE Intelligent Vehicles Symposium Proceedings},
    title={Lanelets: Efficient map representation for autonomous driving},
    year={2014},
    volume={},
    number={},
    pages={420-425},
    keywords={image representation;intelligent transportation systems;road traffic;lanelets notion;map representation;autonomous driving;geometrical aspect;topological aspect;road segment;interconnected drivable road segments;behaviour generation;Mercedes Benz S 500 Intelligent Drive;Bertha Benz Memorial Route;Roads;Vehicles;Geometry;Vectors;Libraries;Topology;Routing},
    doi={10.1109/IVS.2014.6856487},
    ISSN={1931-0587},
    month={6},
    url={https://ieeexplore.ieee.org/document/6856487},
    urldate={2019-08-11},
}
@INPROCEEDINGS{
    geoScenario,
    title={{GeoScenario}: An Open DSL for Autonomous Driving Scenario Representation},
    author={Rodrigo Queiroz and Thorsten Berger and Krzysztof Czarnecki},
    booktitle={2019 IEEE Intelligent Vehicles Symposium (IV)},
    year={2019},
    url={https://uwaterloo.ca/waterloo-intelligent-systems-engineering-lab/sites/ca.waterloo-intelligent-systems-engineering-lab/files/uploads/files/iv2019_0501_fi.pdf},
    urldate={2019-08-11},
}
@misc{
    openStreetMap,
    title={OpenStreetMap Wiki},
    author={OpenStreetMap Foundation},
    url={https://wiki.openstreetmap.org},
    urldate={2019-08-11},
}
@misc{
    josm,
    title={JOSM},
    author={OpenStreetMap community},
    url={https://josm.openstreetmap.de/},
    urldate={2019-08-11},
}
@misc{
    bingMaps,
    title={Bing Maps},
    author={Microsoft Corporation},
    url={https://www.bing.com/maps},
    urldate={2019-08-11},
}
@misc{
    esriMaps,
    title={Home | Esri Deutschland},
    author={ESRI Inc.},
    url={https://www.esri.de/de-de/home},
    urldate={2019-08-11},
}
@misc{
    lxml,
    title={lxml - Processing XML and HTML with Python},
    author={Stephan Behnel, Martijn Faassen, Ian Bicking},
    url={https://lxml.de/index.html},
    urldate={2019-08-23},
}
@misc{
    libxml2,
    title={The XML C parser and toolkit of Gnome},
    author={Daniel Veillard},
    url={http://xmlsoft.org/},
    urldate={2019-08-24},
}
@misc{
    libxslt,
    title={libxslt},
    author={Daniel Veillard},
    url={http://www.xmlsoft.org/libxslt/},
    urldate={2019-08-24},
}
@misc{
    scipy,
    title={SciPy library — SciPy.org},
    author={SciPy developers},
    url={https://www.scipy.org/scipylib/index.html},
    urldate={2019-08-24},
}
@misc{
    winpython,
    title={WinPython},
    author={The Winpython Development Team},
    url={https://winpython.github.io/},
    urldate={2019-08-28},
}
@INPROCEEDINGS{
    asfault,
    author={A. {Gambi} and M. {Mueller} and G. {Fraser}},
    booktitle={2019 IEEE/ACM 41st International Conference on Software Engineering: Companion Proceedings (ICSE-Companion)},
    title={AsFault: Testing Self-Driving Car Software Using Search-Based Procedural Content Generation},
    year={2019},
    pages={27-30},
    keywords={artificial intelligence;automobiles;program testing;road safety;traffic engineering computing;systematically testing;self-driving car software;artificial intelligence-based self-driving;AsFault;search-based procedural content generation;virtual tests;automatic test generation;search-based testing;procedural content generation;self-driving cars},
    doi={10.1109/ICSE-Companion.2019.00030},
    month={5},
    url={https://ieeexplore.ieee.org/document/8802824},
    urldate={2019-09-28},
}
@INPROCEEDINGS{
    crashReconstruction,
    author={A. {Gambi} and T. {Huynh} and G. {Fraser}},
    booktitle={2019 IEEE/ACM 41st International Conference on Software Engineering: Companion Proceedings (ICSE-Companion)},
    title={Automatically Reconstructing Car Crashes from Police Reports for Testing Self-Driving Cars},
    year={2019},
    pages={290-291},
    keywords={automobiles;mobile robots;natural language processing;police data processing;road accidents;road safety;text analysis;vehicle dynamics;car accidents;software controlling self-driving cars;natural language police reports;automatically reconstructing car crashes;autonomous driving carries;text analysis;test case generation;self-driving cars;natural language processing;procedural content generation},
    doi={10.1109/ICSE-Companion.2019.00119},
    month={5},
    url={https://ieeexplore.ieee.org/document/8802678},
    urldate={2019-09-28},
}
@inproceedings{
    proceduralContentGeneration,
    author = {Gambi, Alessio and Mueller, Marc and Fraser, Gordon},
    title = {Automatically Testing Self-driving Cars with Search-based Procedural Content Generation},
    booktitle = {Proceedings of the 28th ACM SIGSOFT International Symposium on Software Testing and Analysis},
    series = {ISSTA 2019},
    year = {2019},
    isbn = {978-1-4503-6224-5},
    location = {Beijing, China},
    pages = {318--328},
    numpages = {11},
    url = {http://doi.acm.org/10.1145/3293882.3330566},
    doi = {10.1145/3293882.3330566},
    acmid = {3330566},
    publisher = {ACM},
    address = {New York, NY, USA},
    keywords = {automatic test generation, procedural content generation, search-based testing, self-driving cars},
    urldate={2019-09-29},
}
@ARTICLE{
    generationForRacingGames,
    author={D. {Loiacono} and L. {Cardamone} and P. L. {Lanzi}},
    journal={IEEE Transactions on Computational Intelligence and AI in Games},
    title={Automatic Track Generation for High-End Racing Games Using Evolutionary Computation},
    year={2011},
    volume={3},
    number={3},
    pages={245-259},
    keywords={computer games;entertainment;genetic algorithms;automatic track generation;high-end racing games;evolutionary computation;driving experience;driving speeds;genetic algorithm;Games;Encoding;Target tracking;Evolutionary computation;Humans;Genetic algorithms;Shape;Entropy;genetic algorithms;multiobjective evolution;procedural content generation;racing games;racing tracks;TORCS},
    doi={10.1109/TCIAIG.2011.2163692},
    month={9},
    url={https://ieeexplore.ieee.org/document/5975206},
    urldate={2019-09-29},
}
@INPROCEEDINGS{
    learnToDriveInADay,
    author={A. {Kendall} and J. {Hawke} and D. {Janz} and P. {Mazur} and D. {Reda} and J. {Allen} and V. {Lam} and A. {Bewley} and A. {Shah}},
    booktitle={2019 International Conference on Robotics and Automation (ICRA)},
    title={Learning to Drive in a Day},
    year={2019},
    pages={8248-8254},
    keywords={learning (artificial intelligence);mobile robots;road safety;road traffic control;road vehicles;robot vision;autonomous driving tasks;single monocular image;safety driver;model-free deep reinforcement learning algorithm;lane following;on-vehicle;Reinforcement learning;Autonomous vehicles;Task analysis;Markov processes;Global Positioning System;Sensors;Training},
    doi={10.1109/ICRA.2019.8793742},
    month={5},
    url={https://ieeexplore.ieee.org/document/8793742},
    urldate={2019-09-29},
}
@INPROCEEDINGS{
    deepDriving,
    author={C. {Chen} and A. {Seff} and A. {Kornhauser} and J. {Xiao}},
    booktitle={2015 IEEE International Conference on Computer Vision (ICCV)},
    title={DeepDriving: Learning Affordance for Direct Perception in Autonomous Driving},
    year={2015},
    pages={2722-2730},
    keywords={computer games;computer vision;neural nets;road traffic;traffic engineering computing;virtual reality;KITTI dataset;car distance estimation;virtual environments;video game;convolutional neural network;direct perception representation;behavior reflex;traffic state;road state;mediated perception approaches;vision-based autonomous driving systems;Roads;Games;Automobiles;Training;Neural networks;Robots;Testing},
    doi={10.1109/ICCV.2015.312},
    month={12},
    url={https://ieeexplore.ieee.org/document/7410669},
    urldate={2019-09-29},
}
@inproceedings{
    carla,
    title={CARLA: An Open Urban Driving Simulator},
    author={Alexey Dosovitskiy and German Ros and Felipe Codevilla and Antonio Lopez and Vladlen Koltun},
    booktitle={Proceedings of the 1st Annual Conference on Robot Learning},
    pages={1--16},
    year={2017},
    url={http://proceedings.mlr.press/v78/dosovitskiy17a/dosovitskiy17a.pdf},
    urldate={2019-10-12},
}
@MISC{
    torcs,
    author={Bernhard Wymann and Christos Dimitrakakisy and Andrew Sumner and Christophe Guionneauz},
    title={TORCS: The open racing car simulator},
    year={2015},
    url={https://pdfs.semanticscholar.org/b9c4/d931665ec87c16fcd44cae8fdaec1215e81e.pdf},
    urldate={2019-10-13},
}
@inproceedings{
    airsim,
    author={Shital Shah and Debadeepta Dey and Chris Lovett and Ashish Kapoor},
    title={AirSim: High-Fidelity Visual and Physical Simulation for Autonomous Vehicles},
    year={2017},
    booktitle={Field and Service Robotics},
    eprint={arXiv:1705.05065},
    url={https://arxiv.org/abs/1705.05065},
    urldate={2019-10-14},
}
@misc{
    unrealEngine,
    author={Epic Games},
    title={What is Unreal Engine 4},
    url={https://www.unrealengine.com/},
    urldate={2019-10-14},
}
@INPROCEEDINGS{
    beepbeep,
    author={S. {Hallé} and S. {Varvaressos}},
    booktitle={2014 IEEE 18th International Enterprise Distributed Object Computing Conference},
    title={A Formalization of Complex Event Stream Processing},
    year={2014},
    pages={2-11},
    keywords={business data processing;contracts;formal languages;formal verification;information systems;query processing;complex event stream processing formalization;business processes;information systems;anomalous pattern detection;compliance violation detection;contract;procedural code;custom query computation;declarative language;formal language;event trace manipulation;log analysis;Program processors;Engines;Monitoring;Business;Runtime;Database languages;Real-time systems;complex event processing;event traces;compliance checking;declarative language},
    doi={10.1109/EDOC.2014.12},
    month={09},
}
@misc{
    metamoto,
    author={Metamoto, Inc.},
    title={Metamoto},
    url={https://www.metamoto.com/},
    urldate={2019-10-17},
}
@INPROCEEDINGS{
    ac3r,
    author={T. {Huynh} and A. {Gambi} and G. {Fraser}},
    booktitle={2019 IEEE/ACM 41st International Conference on Software Engineering: Companion Proceedings (ICSE-Companion)},
    title={AC3R: Automatically Reconstructing Car Crashes from Police Reports},
    year={2019},
    pages={31-34},
    keywords={automobiles;road accidents;road safety;traffic engineering computing;video signal processing;police reports;autonomous driving;car accidents;fatal crashes;self-driving cars;testing self-driving car software;recorded car crashes;AC3R;automatic crash constructor from crash report;test case generation;self-driving cars;natural language processing},
    doi={10.1109/ICSE-Companion.2019.00031},
    month={5},
}
@misc{
    docker,
    author={Docker Inc.},
    title={Enterprise Container Platform | Docker},
    url={https://www.docker.com/},
    urldate={2019-10-29},
}
@inproceedings{
    dave,
    author={Mariusz Bojarski and Davide Del Testa and Daniel Dworakowski and Bernhard Firner and Beat Flepp and Prasoon Goyal and Lawrence D. Jackel and Mathew Monfort and Urs Muller and Jiakai Zhang and Xin Zhang and Jake Zhao},
    title={End to End Learning for Self-Driving Cars},
    year={2016},
    month={4},
    eprint={arXiv:1604.07316v1},
    url={https://arxiv.org/pdf/1604.07316v1.pdf},
    urldate={2019-11-07},
}
@misc{
    autonomoose,
    author={Autonomoose Team},
    title={Autonomoose},
    url={https://www.autonomoose.net/},
    urldate={2019-11-08},
}
@INPROCEEDINGS{
    xInTheLoop,
    author={S. {Moten} and F. {Celiberti} and M. {Grottoli} and A. {van der Heide} and Y. {Lemmens}},
    booktitle={2018 IEEE Intelligent Vehicles Symposium (IV)},
    title={X-in-the-loop advanced driving simulation platform for the design,development, testing and validation of ADAS},
    year={2018},
    pages={1-6},
    keywords={driver information systems;road safety;road vehicles;Advanced Driver Assistance System;ADAS;Siemens PLM Software;X-in-the-loop advanced driving simulation platform;autonomous driving functionalities;Computational modeling;Mathematical model;Real-time systems;Software;Adaptation models;Advanced driver assistance systems;Vehicles;X-in-the-loop simulation;Advanced Driver Assistance System;Autonomous Driving Functionality;Driving simulator.},
    doi={10.1109/IVS.2018.8500409},
    month={6},
    url={https://ieeexplore.ieee.org/document/8500409},
    urldate={2019-11-08},
}
@misc{
    deepracer,
    author={Amazon Web Services, Inc.},
    title={AWS DeepRacer - the fastest way to get rolling with machine learning},
    url={https://aws.amazon.com/deepracer/},
    urldate={2019-11-22},
}
@misc{
    simulationsImporantForbes,
    author={David Silver},
    title={Simulation Becomes Increasingly Important For Self-Driving Cars},
    year={2018},
    month={11},
    url={https://www.forbes.com/sites/davidsilver/2018/11/01/simulation-becomes-increasingly-important-for-self-driving-cars/#20814aa95583},
    urldate={2019-11-22},
}
@misc{
    simulationsImporantBusinessInsider,
    author={Mathew DeBord},
    title={A Waymo engineer told us why a virtual-world simulation is crucial to the future of self-driving cars},
    year={2018},
    month={8},
    url={https://www.businessinsider.de/waymo-engineer-explains-why-testing-self-driving-cars-virtually-is-critical-2018-8?r=US&IR=T},
    urldate={2019-11-22},
}
@misc{
    scaleAI,
    author={Scale AI, Inc.},
    title={Training and Validation Data for Self Driving Cars - Scale},
    url={https://scale.com/self-driving-cars?ref=producthunt},
    urldate={2019-11-22},
}
@inbook{
    computernetzwerke,
    author={Andrew S. Tanenbaum and David Wetherall},
    title={Computernetzwerke},
    chapter={Referenzmodelle},
    publisher={Pearson},
    year={2012},
    isbn={9783868941371},
    url={https://books.google.de/books?id=uIyZMAEACAAJ},
    urldate={2020-01-05},
}
@inbook{
    microservices,
    author={Saw Newman},
    title={Building Microservices: Designing Fine-Grained Systems},
    chapter={Microservices},
    publisher={O'Reilly},
    year={2015},
    isbn={9781491950357},
    url={https://books.google.de/books?id=RDl4BgAAQBAJ},
    urldate={2020-01-07},
}
@inbook{
    masterSlave,
    author={Harihara Subramanian and Anupama Raman and Pethuru Raj},
    title={Architectural Patterns},
    chapter={Client/Server Multi-Tier Architectural Patterns},
    publisher={Packt Publishing},
    year={2017},
    month={12},
    isbn={9781787287495},
    url={https://www.oreilly.com/library/view/architectural-patterns/9781787287495/},
    urldate={2020-01-07},
}
@inbook{
    serialization,
    author={Jiri Soukup and Petr Macháček},
    title={Serialization and Persistent Objects},
    chapter={Introduction},
    publisher={Springer},
    year={2014},
    isbn={978-3-642-39323-5},
    url={https://www.techopedia.com/definition/867/serialization-net},
    urldate={2020-01-14},
}

